<?xml version="1.0" encoding="UTF-8"?><collection xmlns="http://www.loc.gov/MARC21/slim"><record><leader>00676nam--2200229-u-4500</leader><controlfield tag="001">000050323</controlfield><controlfield tag="002">20161230</controlfield><controlfield tag="003">81765</controlfield><controlfield tag="005">20161230201048</controlfield><controlfield tag="008">060531s1000------------r-----000-0-eng-d</controlfield><datafield ind1=" " ind2=" " tag="020"><subfield code="a">0-19-85771-3</subfield></datafield><datafield ind1=" " ind2=" " tag="040"><subfield code="a">IFIN-HH</subfield></datafield><datafield ind1=" " ind2=" " tag="041"><subfield code="a">eng</subfield></datafield><datafield ind1="1" ind2=" " tag="100"><subfield code="a">Ockendon, John</subfield></datafield><datafield ind1="1" ind2="0" tag="245"><subfield code="a">Applied Partial Differential Equations</subfield><subfield code="c">John Ockendon, Sam Howison, Andrew Lacely and Alexander Movchan</subfield></datafield><datafield ind1=" " ind2=" " tag="250"><subfield code="a">Revised edition</subfield></datafield><datafield ind1=" " ind2=" " tag="260"><subfield code="a">Oxford</subfield><subfield code="b">Oxford University Press</subfield><subfield code="c">2003</subfield></datafield><datafield ind1=" " ind2=" " tag="300"><subfield code="a">449 p</subfield></datafield><datafield ind1="0" ind2="0" tag="504"><subfield code="a">Includes Bibliographical References and Index</subfield></datafield><datafield ind1=" " ind2="4" tag="650"><subfield code="a">Differential equations, partial</subfield></datafield><datafield ind1=" " ind2=" " tag="852"><subfield code="a">81765</subfield><subfield code="c">517.9</subfield></datafield><datafield ind1=" " ind2=" " tag="CAT"><subfield code="a">Sys</subfield><subfield code="c">20090615</subfield><subfield code="h">065324</subfield></datafield></record></collection>